@book{jlb:bn,
  author = "James L. Brooks",
  title = "Broadcast News",
  publisher = {Vintage Books},
  address = {New York},
  year = 1988
}

@book{sf:sp,
  author = "Syd Field",
  title = "Screenplay:  {T}he Foundations of Screenwriting",
  publisher = {Dell},
  address = {New York},
  year = 1979
}

@book{wg:ast,
  author = "William Goldman",
  title = "Adventures in the Screen Trade",
  publisher = {Warner Books},
  address = {New York},
  year = 1983
}

@book{mh:wsts,
  author = "Michael Hauge",
  title = "Writing Screenplays that Sell",
  publisher = {HarperCollins Publishers},
  address = {New York},
  year = 1991
}

@book{cn:sh,
  author = "Constance Nash and Virginia Oakey",
  title = "The Screenwriter's Handbook",
  publisher = {Harper \& Row},
  address = {New York},
  year = 1978
}

@book{rw:sacb,
  author = "Richard Walter",
  title = "Screenwriting:  {T}he Art, Craft and Business of Film and Television
           Writing",
  publisher = {Plume},
  address = {New York},
  year = 1988
}
